@article{Baker2001JCR,
  title={Patriotism or Opinion Leadership? The Nature and Origins of the `Rally 'round the Flag' Effect},
  author={Baker, William D. and Oneal, John R.},
  journal={Journal of Conflict Resolution},
  volume={45},
  number={5},
  pages={661--687},
  year={2001}
}
@article{baum2002constituent,
  title={The Constituent Foundations of the Rally-Round-the-Flag Phenomenon},
  author={Baum, Matthew A.},
  journal={International Studies Quarterly},
  volume={46},
  number={2},
  pages={263--298},
  year={2002}
}
@article{Bonanno2006BasicApplSocPsychol,
  title={Conservative Shift among High-Exposure Survivors of the September 11th Terrorist Attacks},
  author={Bonanno, George A. and Jost, John T.},
  journal={Basic and Applied Social Psychology},
  volume={28},
  number={4},
  pages={311--323},
  year={2006}
}
@article{Bowling2005JPublHealth,
  title={Mode of Questionnaire Administration Can Have Serious Effects on Data Quality},
  author={Bowling, Ann},
  journal={Journal of Public Health},
  volume={27},
  number={3},
  pages={281--291},
  year={2005}
}
@article{Berrebi2008APSR,
  title={Are Voters Sensitive to Terrorism? Direct Evidence from the Israeli Electorate},
  author={Berrebi, Claude and Klor, Esteban F.},
  journal={American Political Science Review},
  volume={102},
  number={3},
  pages={279--301},
  year={2008}
}
@manual{Blair2024,
  title={{estimatr}: Fast Estimators for Design-Based Inference},
  author={Blair, Graeme and Cooper, Jasper and Coppock, Alexander and Humphreys, Macartan and Sonnet, Luke},
  year={2024},
  note={R package version~1.0.2, \url{https://CRAN.R-project.org/package=estimatr}},
}
@book{Carlson2018,
  title={Political Corruption and Scandals in Japan},
  author={Carlson, Matthew M. and Reed, Steven R.},
  year={2018},
  address={Ithaca},
  publisher={Cornell University Press}
}
@article{Catalinac2018APSR,
  title={Positioning under Alternative Electoral Systems: Evidence from Japanese Candidate Election Manifestos},
  author={Catalinac, Amy},
  journal={American Political Science Review},
  volume={112},
  number={1},
  pages={31--48},
  year={2018}
}
@article{Chapman2004JCR,
  title={The United Nations Security Council and the Rally 'round the Flag Effect},
  author={Chapman, Terrence L. and Reiter, Dan},
  journal={Journal of Conflict Resolution},
  volume={48},
  number={6},
  pages={886--909},
  year={2004}
}
@article{chatagnier2012effect,
  title={The Effect of Trust in Government on Rallies 'round the Flag},
  author={Chatagnier, J. Tyson},
  journal={Journal of Peace Research},
  volume={49},
  number={5},
  pages={631--645},
  year={2012}
}
@article{chowanietz2011rallying,
  title={Rallying around the Flag or Railing against the Government? Political Parties' Reactions to Terrorist Acts},
  author={Chowanietz, Christophe},
  journal={Party Politics},
  volume={17},
  number={5},
  pages={673--698},
  year={2011}
}
@unpublished{CSIS2017,
  title = {North Korean Provocations and U.S.-ROK Military Exercises},
  author = {{Center for Strategic and International Studies (CSIS)}},
  year = {2017},
  note = {Data file, \url{https://beyondparallel.csis.org/north-korean-provocations-us-rok-military-exercises/}}
}
@unpublished{CSIS2023,
  title = {North Korean Provocations and U.S.-ROK Military Exercises},
  author = {{Center for Strategic and International Studies (CSIS)}},
  year = {2023},
  note = {Data file, \url{https://beyondparallel.csis.org/north-korean-provocations-us-rok-military-exercises/}}
}
@Article{Denwood2016JStatSoftware,
  title = {{runjags}: An {R} Package Providing Interface Utilities, Model Templates, Parallel Computing Methods and Additional Distributions for {MCMC} Models in {JAGS}},
  author = {Matthew J. Denwood},
  journal = {Journal of Statistical Software},
  year = {2016},
  volume = {71},
  number = {9},
  pages = {1--25}
}
@article{derouen2000presidents,
  title={Presidents and the Diversionary Use of Force: A Research Note},
  author={DeRouen, Karl},
  journal={International Studies Quarterly},
  volume={44},
  number={2},
  pages={317--328},
  year={2000}
}
@article{Dinesen2013PolitPsychol,
  title={The Effect of Terror on Institutional Trust: New Evidence from the 3/11 Madrid Terrorist Attack},
  author={Dinesen, Peter Thisted and J{\ae}ger, Mads Meier},
  journal={Political Psychology},
  volume={34},
  number={6},
  pages={917--926},
  year={2013}
}
@article{Doty1991JPSP,
  title={Threat and Authoritarianism in the United States, 1978--1987},
  author={Doty, Richard M. and Peterson, Bill E. and Winter, David G.},
  journal={Journal of Personality and Social Psychology},
  volume={61},
  number={4},
  pages={629--640},
  year={1991}
}
@article{Driscoll2016JOP,
  title={Did Georgian Voters Desire Military Escalation in 2008? Experiments and Observations},
  author={Driscoll, Jesse and Maliniak, Daniel},
  journal={The Journal of Politics},
  volume={78},
  number={1},
  pages={265--280},
  year={2016}
}
@article{Echebarria-Echabe2006EurJSocPsychol,
  title={Effects of Terrorism on Attitudes and Ideological Orientation},
  author={Echebarria-Echabe, Agustin and Fern{\'a}ndez-Guede, Emilia},
  journal={European Journal of Social Psychology},
  volume={36},
  number={2},
  pages={259--265},
  year={2006}
}
@article{eichenberg2005victory,
  title={Victory Has Many Friends: U.S. Public Opinion and the Use of Military Force, 1981--2005},
  author={Eichenberg, Richard C.},
  journal={International Security},
  volume={30},
  number={1},
  pages={140--177},
  year={2005}
}
@article{Eichenberg2006JCR,
  title={War President: The Approval Ratings of George W. Bush},
  author={Eichenberg, Richard C. and Stoll, Richard J. and Lebo, Matthew},
  journal={Journal of Conflict Resolution},
  volume={50},
  number={6},
  pages={783--808},
  year={2006}
}
@article{Feinstein2018SocSciRes,
  title={One Flag, Two Rallies: Mechanisms of Public Opinion in Israel during the 2014 Gaza War},
  author={Feinstein, Yuval},
  journal={Social Science Research},
  volume={69},
  pages={65--82},
  year={2018}
}
@article{Fisher2011ElectStud,
  title={From Polls to Votes to Seats: Forecasting the 2010 British General Election},
  author={Fisher, Stephen D. and Ford, Robert and Jennings, Will and Pickup, Mark and Wlezien, Christopher},
  journal={Electoral Studies},
  volume={30},
  number={2},
  pages={250--257},
  year={2011}
}
@article{Fordham1998ISQ,
  title={The Politics of Threat Perception and the Use of Force: A Political Economy Model of U.S. Uses of Force, 1949--1994},
  author={Fordham, Benjamin},
  journal={International Studies Quarterly},
  volume={42},
  number={3},
  pages={567--590},
  year={1998}
}
@article{gelpi1997democratic,
  title={Democratic Diversions: Governmental Structure and the Externalization of Domestic Conflict},
  author={Gelpi, Christopher},
  journal={Journal of Conflict Resolution},
  volume={41},
  number={2},
  pages={255--282},
  year={1997}
}
@article{Getmansky2014APSR,
  title={Terrorism and Voting: The Effect of Rocket Threat on Voting in Israeli Elections},
  author={Getmansky, Anna and Zeitzoff, Thomas},
  journal={American Political Science Review},
  volume={108},
  number={3},
  pages={588--604},
  year={2014}
}
@article{groeling2008crossing,
  title={Crossing the Water's Edge: Elite Rhetoric, Media Coverage, and the Rally-Round-the-Flag Phenomenon},
  author={Groeling, Tim and Baum, Matthew A.},
  journal={Journal of Politics},
  volume={70},
  number={4},
  pages={1065--1085},
  year={2008}
}
@article{Hata2023,
  title={Kaiken Yoron no Takamari wa Kitachosen no Okage? Praimingu Jikken to Risuto Jikken no Yugo ni Yoru Kensho (Missile Launches from North Korea and Rising Chorus of the Constitutional Revision: Evidence from a Combined Priming and List Experiments)},
  author={Hata, Masaki},
  journal={Nenpo Seijigaku},
  volume={73},
  number={2},
  pages={168--189},
  year={2022}
}
@article{Heidemanns2020HarvardDataSciRev,
  title={An Updated Dynamic Bayesian Forecasting Model for the US Presidential Election},
  author={Heidemanns, Merlin and Gelman, Andrew and Morris, G. Elliott},
  journal={Harvard Data Science Review},
  volume={2},
  number={4},
  pages={10--1162},
  year={2020}
}
@article{Huff2018AJPS,
  title={How the Public Defines Terrorism},
  author={Huff, Connor and Kertzer, Joshua D.},
  journal={American Journal of Political Science},
  volume={62},
  number={1},
  pages={55--71},
  year={2018}
}
@article{Huber1995PartyPolit,
  title={Expert Interpretations of Party Space and Party Locations in 42 Societies},
  author={Huber, John and Inglehart, Ronald},
  journal={Party Politics},
  volume={1},
  number={1},
  pages={73--111},
  year={1995}
}
@article{Huddy2005AJPS,
  title={Threat, Anxiety, and Support of Antiterrorism Policies},
  author={Huddy, Leonie and Feldman, Stanley and Taber, Charles and Lahav, Gallya},
  journal={American Journal of Political Science},
  volume={49},
  number={3},
  pages={593--608},
  year={2005}
}
@article{James1991JCR,
  title={The Influence of Domestic and International Politics on the President's Use of Force},
  author={James, Patrick and Oneal, John R.},
  journal={Journal of Conflict Resolution},
  volume={35},
  number={2},
  pages={307--332},
  year={1991}
}
@article{Jackman2005AustJPolitSci,
  title={Pooling the Polls over an Election Campaign},
  author={Jackman, Simon},
  journal={Australian Journal of Political Science},
  volume={40},
  number={4},
  pages={499--517},
  year={2005}
}
@book{Jackman2009,
  title={Bayesian Analysis for the Social Sciences},
  author={Jackman, Simon},
  year={2009},
  publisher={Wiley},
  address={New York}
}
@article{James1998PRQ,
  title={International Crises and Linkage Politics: The Experiences of the United States, 1953--1994},
  author={James, Patrick and Rioux, Jean S{\'e}bastien},
  journal={Political Research Quarterly},
  volume={51},
  number={3},
  pages={781--812},
  year={1998}
}
@article{Jost2003PsycholBull,
  title={Political Conservatism as Motivated Social Cognition},
  author={Jost, John T. and Glaser, Jack and Kruglanski, Arie W. and Sulloway, Frank J.},
  journal={Psychological Bulletin},
  volume={129},
  number={3},
  pages={339--375},
  year={2003}
}
@article{Kam2008POQ,
  title={Joining and Leaving the Rally: Understanding the Surge and Decline in Presidential Approval Following 9/11},
  author={Kam, Cindy D and Ramos, Jennifer M.},
  journal={Public Opinion Quarterly},
  volume={72},
  number={4},
  pages={619--650},
  year={2008}
}
@unpublished{Kato2016online,
  title = {Expert Survey Results in Japan 1996--2014},
  author = {Kato, Junko},
  year = {2016},
  note = {\url{http://www.katoj.j.u-tokyo.ac.jp/HOME_files/HP_data_english2014.pdf}}
}
@article{Kobayashi2015Yoron,
  title={Nicchu Ryodo Mondai to Shusho Shiji: Sabei Jikken ni Yoru Kika Shuketsu Koka no Kento (Japan-China Territorial Dispute and Support for the Prime Minister: Examining the Rally 'round the Flag Effect by a Survey Experiment)},
  author={Kobayashi, Tetsuro and Katagiri, Azusa},
  journal={Yoron},
  volume={115},
  pages={51--55},
  year={2015}
}
@article{Kritzinger2021WestEurPolit,
  title={`Rally Round the Flag': The COVID-19 Crisis and Trust in the National Government},
  author={Kritzinger, Sylvia and Foucault, Martial and Lachat, Romain and Partheym{\"u}ller, Julia and Plescia, Carolina and Brouard, Sylvain},
  journal={West European Politics},
  volume={44},
  number={5--6},
  pages={1205--1231},
  year={2021}
}
@article{Ladd2007POQ,
  title={Predispositions and Public Support for the President during the War on Terrorism},
  author={Ladd, Jonathan McDonald},
  journal={Public Opinion Quarterly},
  volume={71},
  number={4},
  pages={511--538},
  year={2007}
}
@article{Lai2005ISQ,
  title={Rally 'round the Union Jack? Public Opinion and the Use of Force in the United Kingdom, 1948--2001},
  author={Lai, Brian and Reiter, Dan},
  journal={International Studies Quarterly},
  volume={49},
  number={2},
  pages={255--272},
  year={2005}
}
@article{Lambert2010JPSP,
  title={Rally Effects, Threat, and Attitude Change: An Integrative Approach to Understanding the Role of Emotion},
  author={Lambert, Alan J. and Scherer, Laura D. and Schott, John Paul and Olson, Kristina R. and Andrews, Rick K. and O'brien, Thomas C. and Zisser, Alison R.},
  journal={Journal of Personality and Social Psychology},
  volume={98},
  number={6},
  pages={886--903},
  year={2010}
}
@article{Landau2004PersSocPsycholBull,
  title={Deliver us from Evil: The Effects of Mortality Salience and Reminders of 9/11 on Support for President George W. Bush},
  author={Landau, Mark J. and Solomon, Sheldon and Greenberg, Jeff and Cohen, Florette and Pyszczynski, Tom and Arndt, Jamie and Miller, Claude H and Ogilvie, Daniel M. and Cook, Alison},
  journal={Personality and Social Psychology Bulletin},
  volume={30},
  number={9},
  pages={1136--1150},
  year={2004}
}
@article{Linzer2013JASA,
  title={Dynamic Bayesian Forecasting of Presidential Elections in the States},
  author={Linzer, Drew A.},
  journal={Journal of the American Statistical Association},
  volume={108},
  number={501},
  pages={124--134},
  year={2013}
}
@article{Lian1993JCR,
  title={Presidents, the Use of Military Force, and Public Opinion},
  author={Lian, Bradley and Oneal, John R.},
  journal={Journal of Conflict Resolution},
  volume={37},
  number={2},
  pages={277--300},
  year={1993}
}
@book{Miharu2019,
  title={Buki to Shite no Yoron Chosa: Shakai o Torae, Mirai o Kaeru (Opinion Polls as a Tool to Gauge the Society and Change the Future)},
  author={Mitsuki Miharu},
  year={2019},
  address={Tokyo},
  publisher={Chikuma Shobo}
}
@article{MiwaNdPOQ,
  title={Can Reshuffles Improve Government Popularity? Evidence from a `Pooling the Polls' Analysis},
  author={Miwa, Hirofumi},
  journal={Public Opinion Quarterly},
  year={N.d},
  note={Forthcoming}
}
@article{Miwa2018POQ,
  title={Can Reshuffles Improve Government Popularity? Evidence from a `Pooling the Polls' Analysis},
  author={Miwa, Hirofumi},
  journal={Public Opinion Quarterly},
  volume={82},
  number={2},
  pages={322--342},
  year={2018}
}
@article{Mueller1970APSR,
  title={Presidential Popularity from Truman to Johnson},
  author={Mueller, John E.},
  journal={American Political Science Review},
  volume={64},
  number={1},
  pages={18--34},
  year={1970}
}
@article{Nail2009SocJusticeRes,
  title={Conservative Shift among Liberals and Conservatives Following 9/11/01},
  author={Nail, Paul R. and McGregor, Ian},
  journal={Social Justice Research},
  volume={22},
  number={2--3},
  pages={231--240},
  year={2009}
}
@article{Nakamura2015Ehime,
  title={Yukensha no Seito Shiji no Koshin ni Kansuru Moderu no Ichishian (A Model for the Party Identification Renewal)},
  author={Nakamura, Etsuhiro},
  journal={Ehime Hogakkai Zasshi},
  volume={41},
  number={1$\cdot $2},
  pages={31--64},
  year={2015} 
}
@article{Newman2010ElectStud,
  title={`Rally round the flag' Events for Presidential Approval Research},
  author={Newman, Brian and Forcehimes, Andrew},
  journal={Electoral Studies},
  volume={29},
  number={1},
  pages={144--154},
  year={2010}
}
@unpublished{Ogura2020,
  title={What Does Partisanship Mean for Voters? A Comparative Study},
  author={Ogura, Ikuma and Miwa, Hirofumi},
  year={2020},
  note={Paper presented at the annual meeting of the Japanese Political Science Association}
}
@article{Ohmura2014Leviathan,
  title={Buryoku Shototsu to Nihon no Yoron no Hanno (The `Rally 'round the Flag' Effect and Public Opinion in Japan)},
  author={Ohmura, Hirotaka and Ohmura, Hanako},
  journal={Leviathan},
  volume={54},
  pages={70--90},
  year={2014}
}
@article{Oneal1995PolitBehav,
  title={The Rally 'round the Flag Effect in U.S. Foreign Policy Crises, 1950--1985},
  author={Oneal, John R. and Bryan, Anna Lillian},
  journal={Political Behavior},
  volume={17},
  number={4},
  pages={379--401},
  year={1995}
}
@article{Parker1995POQ,
  title={Towards an Understanding of `Rally' Effects: Public Opinion in the Persian Gulf War},
  author={Parker, Suzanne L.},
  journal={Public Opinion Quarterly},
  volume={59},
  number={4},
  pages={526--546},
  year={1995}
}
@article{Pasek2015POQ,
  title={Predicting Elections: Considering Tools to Pool the Polls},
  author={Pasek, Josh},
  journal={Public Opinion Quarterly},
  volume={79},
  number={2},
  pages={594--619},
  year={2015}
}
@unpublished{PCIA2017,
  title = {Kokusai Terorizumu Yoran (Web Ban) (Survey of International Terrorisms (Online Version))},
  author = {{Public Security Intelligence Agency (PCIA)}},
  year = {2017},
  note = {\url{http://www.moj.go.jp/psia/ITH/index.html}}
}
@book{PCIA2023,
  title={Kokusai Terorizumu Yoran 2023 (Survey of International Terrorisms 2023)},
  author={{Public Security Intelligence Agency (PCIA)}},
  year={2023},
  address={Tokyo},
  publisher={Public Security Intelligence Agency}
}
@article{Pickup2007ElectStud,
  title={Campaign Trial Heats as Electoral Information: Evidence from the 2004 and 2006 Canadian Federal Elections},
  author={Pickup, Mark and Johnston, Richard},
  journal={Electoral Studies},
  volume={26},
  number={2},
  pages={460--476},
  year={2007}
}
@article{Pickup2008IntJForecast,
  title={Campaign Trial Heats as Election Forecasts: Measurement Error and Bias in 2004 Presidential Campaign Polls},
  author={Pickup, Mark and Johnston, Richard},
  journal={International Journal of Forecasting},
  volume={24},
  number={2},
  pages={272--284},
  year={2008}
}
@article{Pickup2011JEPOP,
  title={Why Did the Polls Overestimate Liberal Democrat Support? Sources of Polling Error in the 2010 British General Election},
  author={Pickup, Mark and Matthews, J. Scott and Jennings, Will and Ford, Robert and Fisher, Stephen D.},
  journal={Journal of Elections, Public Opinion and Parties},
  volume={21},
  number={2},
  pages={179--209},
  year={2011}
}
@Article{Plummer2006RNews,
  title = {CODA: Convergence Diagnosis and Output Analysis for MCMC},
  author = {Plummer, Martyn and Best, Nicky and Cowles, Kate and Vines, Karen},
  journal = {R News},
  year = {2006},
  volume = {6},
  number = {1},
  pages = {7--11}
}
@Manual{Plummer2017,
title = {JAGS Version 4.3.0 User Manual},
author = {Plummer, Martyn},
year = {2017},
note = {\url{http://mcmc-jags.sourceforge.net/}},
}
@article{Proksch2011ElectStud,
  title={Party System Dynamics in Post-War Japan: A Quantitative Content Analysis of Electoral Pledges},
  author={Proksch, Sven-Oliver and Slapin, Jonathan B. and Thies, Michael F.},
  journal={Electoral Studies},
  volume={30},
  number={1},
  pages={114--124},
  year={2011}
}
@manual{R2023,
  title={R: A Language and Environment for Statistical Computing},
  author={{R Core Team}},
  publisher={R Foundation for Statistical Computing},
  year={2023},
  note={\url{http://www.R-project.org/}},
}
@manual{R2024,
  title={R: A Language and Environment for Statistical Computing},
  author={{R Core Team}},
  publisher={R Foundation for Statistical Computing},
  year={2024},
  note={\url{http://www.R-project.org/}},
}
@article{Schubert2002PolitPsychol,
  title={A Defining Presidential Moment: 9/11 and the Rally Effect},
  author={Schubert, James N. and Stewart, Patrick A. and Curran, Margaret Ann},
  journal={Political Psychology},
  volume={23},
  number={3},
  pages={559--583},
  year={2002}
}
@article{Smith1978POQ,
  title={In Search of House Effects: A Comparison of Responses to Various Questions by Different Survey Organizations},
  author={Smith, Tom W},
  journal={Public Opinion Quarterly},
  volume={42},
  number={4},
  pages={443--463},
  year={1978}
}
@article{smith1996diversionary,
  title={Diversionary Foreign Policy in Democratic Systems},
  author={Smith, Alastair},
  journal={International Studies Quarterly},
  volume={40},
  number={1},
  pages={133--153},
  year={1996}
}
@unpublished{START2017,
  title = {Global Terrorism Database},
  author = {{National Consortium for the Study of Terrorism and Responses to Terrorism (START)}},
  year = {2017},
  note = {Data file, \url{https://www.start.umd.edu/gtd}}
}
@unpublished{START2022,
  title = {Global Terrorism Database},
  author = {{National Consortium for the Study of Terrorism and Responses to Terrorism (START)}},
  year = {2022},
  note = {Data file, \url{https://www.start.umd.edu/gtd}}
}
@article{Stoetzer2019PA,
  title={Forecasting Elections in Multiparty Systems: A Bayesian Approach Combining Polls and Fundamentals},
  author={Stoetzer, Lukas F. and Neunhoeffer, Marcel and Gschwend, Thomas and Munzert, Simon and Sternberg, Sebastian},
  journal={Political Analysis},
  volume={27},
  number={2},
  pages={255--262},
  year={2019}
}
@article{seo2022natural,
  title={Natural Experiments of the Rally'Round the Flag Effects Using Worldwide Surveys},
  author={Seo, TaeJun and Horiuchi, Yusaku},
  journal={Journal of Conflict Resolution},
  year={2023+}
}
@book{Taniguchi2012,
  title={Seito Shiji no Riron (The Theory of Party Support)},
  author={Taniguchi, Masaki},
  year={2012},
  publisher={Iwanami Shoten},
  address={Tokyo}
}
@article{Walther2015ES,
  title={Picking the Winner(s): Forecasting Elections in Multiparty Systems},
  author={Walther, Daniel},
  journal={Electoral Studies},
  volume={40},
  pages={1--13},
  year={2015}
}
@article{Yam2020PNAS,
  title={The Rise of COVID-19 Cases is Associated with Support for World Leaders},
  author={Yam, Kai Chi and Jackson, Joshua Conrad and Barnes, Christopher M. and Lau, Jenson and Qin, Xin and Lee, Hin Yeung},
  journal={Proceedings of the National Academy of Sciences of the United States of America},
  volume={117},
  number={41},
  pages={25429--25433},
  year={2020}
}